@inproceedings{essentia,
  title={Essentia: An audio analysis library for music information retrieval},
  author={Bogdanov, Dmitry and Wack, Nicolas and G{\'o}mez Guti{\'e}rrez, Emilia and Gulati, Sankalp and Boyer, Herrera and Mayor, Oscar and Roma Trepat, Gerard and Salamon, Justin and Zapata Gonz{\'a}lez, Jos{\'e} Ricardo and Serra, Xavier and others},
  booktitle={Proceedings of 14th Conference of the International Society for Music Information Retrieval (ISMIR)},
  year={2013},
}


@article{salamon2017deep,
  title={Deep convolutional neural networks and data augmentation for environmental sound classification},
  author={Salamon, Justin and Bello, Juan Pablo},
  journal={IEEE Signal Processing Letters},
  volume={24},
  number={3},
  pages={279--283},
  year={2017},
  publisher={IEEE}
}

@inproceedings{bozkurt2018musiccritic,
  title={MusicCritic: A technological framework to support online music teaching for large audiences},
  author={Bozkurt, Baris and Gulati, Sankalp and Romani Picas, Oriol and Serra, Xavier},
  booktitle={Proceedings of the International Society for Music Education},
  pages={13--20},
  year={2018},
  organization={International Society for Music Education}
}


@article{lecun1998gradient,
  title={Gradient-based learning applied to document recognition},
  author={LeCun, Yann and Bottou, L{\'e}on and Bengio, Yoshua and Haffner, Patrick},
  journal={Proceedings of the IEEE},
  volume={86},
  number={11},
  pages={2278--2324},
  year={1998},
  publisher={Ieee}
}


@phdthesis{wright2008shape,
  title={The Shape Of an Instant: Measuring and Modelling Perceptual Attack Time with Probability Density Functions},
  author={Wright, Matthew James},
  year={2008},
  school={Stanford University}
}

@inproceedings{polfreman2013,
  title={Comparing Onset Detection \& Perceptual Attack Time.},
  author={Polfreman, Richard},
  booktitle={Proceedings of 14th International Society for Music Information Retrieval Conference},
  pages={523--528},
  year={2013}
}

@article{abesser2017instrument,
  title={Instrument-centered music transcription of solo bass guitar recordings},
  author={Abe{\ss}er, Jakob and Schuller, Gerald},
  journal={IEEE/ACM Transactions on Audio, Speech, and Language Processing},
  volume={25},
  number={9},
  pages={1741--1750},
  year={2017},
  publisher={IEEE}
}

@inproceedings{tan2010audio,
  title={Audio onset detection using energy-based and pitch-based processing},
  author={Tan, Hui Li and Zhu, Yongwei and Chaisorn, Lekha and Rahardja, Susanto},
  booktitle={Proceedings of IEEE International Symposium on Circuits and Systems},
  pages={3689--3692},
  year={2010},
  organization={IEEE}
}

@article{zhou2007music,
  title={Music onset detection combining energy-based and pitch-based approaches},
  author={Zhou, Ruohua and Reiss, Joshua D},
  journal={Proc. MIREX Audio Onset Detection Contest},
  year={2007}
}

@inproceedings{bock2012evaluating,
  title={Evaluating the Online Capabilities of Onset Detection Methods.},
  author={B{\"o}ck, Sebastian and Krebs, Florian and Schedl, Markus},
  booktitle={Proceedings of 16th International Society for Music Information Retrieval Conference (ISMIR)},
  pages={49--54},
  year={2012}
}

@inproceedings{ozaslan2010legato,
  title={Legato and glissando identification in classical guitar},
  author={Ozaslan, Tan Hakan and Arcos, Josep Lluis},
  booktitle={7th Sound and Music Computing Conference (SMC)},
  pages={457--463},
  year={2010}
}

@inproceedings{laurson2010simulating,
  title={Simulating idiomatic playing styles in a classical guitar synthesizer: Rasgueado as a case study},
  author={Laurson, Mikael and V{\"a}lim{\"a}ki, Vesa and Penttinen, Henri},
  booktitle={Proceedings of the 13th International Conference on Digital Audio Effects (DAFx)},
  pages={1--4},
  year={2010}
}

@inproceedings{luo2015detection,
  title={Detection of Common Mistakes in Novice Violin Playing.},
  author={Luo, Yin-Jyun and Su, Li and Yang, Yi-Hsuan and Chi, Tai-Shih and others},
  booktitle={Proceedings of 16th International Society for Music Information Retrieval Conference (ISMIR)},
  pages={316--322},
  year={2015}
}

@inproceedings{kehling2014automatic,
  title={Automatic Tablature Transcription of Electric Guitar Recordings by Estimation of Score-and Instrument-Related Parameters.},
  author={Kehling, Christian and Abe{\ss}er, Jakob and Dittmar, Christian and Schuller, Gerald},
  booktitle={Proceedings of the 17th International Conference on Digital Audio Effects (DAFx)},
  pages={219--226},
  year={2014}
}

@inproceedings{freire2018strumming,
  title={Strumming on an acoustic nylon guitar: Microtiming, beat control and rhythmic expression in three different accompaniment patterns},
  author={Freire, S{\'e}rgio and Armondes, Augusto and Viana, Joao and Silva, Rubens},
  booktitle={Proceedings of the Sound and Music Computing Conference},
  pages={543--548},
  year={2018}
}

@article{hove2007sensorimotor,
  title={Sensorimotor synchronization with chords containing tone-onset asynchronies},
  author={Hove, Michael J and Keller, Peter E and Krumhansl, Carol L},
  journal={Perception \& Psychophysics},
  volume={69},
  number={5},
  pages={699--708},
  year={2007},
  publisher={Springer}
}

@article{vyasarayani2009,
  title={Modeling the dynamics of a vibrating string with a finite distributed unilateral constraint: Application to the sitar},
  author={Vyasarayani, Chandrika P and Birkett, Stephen and McPhee, John},
  journal={The Journal of the Acoustical Society of America},
  volume={125},
  number={6},
  pages={3673--3682},
  year={2009},
  publisher={Acoustical Society of America}
}


@article{mair2009isotone,
  title={Isotone optimization in R: pool-adjacent-violators algorithm (PAVA) and active set methods},
  author={Mair, Patrick and Hornik, Kurt and de Leeuw, Jan},
  journal={Journal of statistical software},
  volume={32},
  number={5},
  pages={1--24},
  year={2009},
  publisher={American Statistical Association}
}


@article{pakarinen2007analysis,
  title={Analysis of handling noises on wound strings},
  author={Pakarinen, Jyri and Penttinen, H and Bank, B},
  journal={The Journal of the Acoustical Society of America},
  volume={122},
  number={6},
  pages={EL197--EL202},
  year={2007},
  publisher={Acoustical Society of America}
}


@article{savgol,
  title={Smoothing and differentiation of data by simplified least squares procedures.},
  author={Savitzky, Abraham and Golay, Marcel JE},
  journal={Analytical chemistry},
  volume={36},
  number={8},
  pages={1627--1639},
  year={1964},
  publisher={ACS Publications}
}


@inproceedings{xi2018guitarset,
  title={GuitarSet: A Dataset for Guitar Transcription.},
  author={Xi, Qingyang and Bittner, Rachel M and Pauwels, Johan and Ye, Xuzhou and Bello, Juan Pablo},
  booktitle={Proceedings of 19th International Society for Music Information Retrieval Conference (ISMIR)},
  pages={453--460},
  year={2018}
}

@inproceedings{thickstun,
    title={Learning Features of Music from Scratch},
    author = {John Thickstun and Zaid Harchaoui and Sham M. Kakade},
    year={2017},
    booktitle = {International Conference on Learning Representations (ICLR)}
} 

@inproceedings{madmom,
   Title = {{madmom: a new Python Audio and Music Signal Processing Library}},
   Author = {B{\"o}ck, Sebastian and Korzeniowski, Filip and Schl{\"u}ter, Jan and Krebs, Florian and Widmer, Gerhard},
   Booktitle = {Proceedings of the 24th ACM International Conference on
   Multimedia},
   Month = {10},
   Year = {2016},
   Pages = {1174--1178},
   Address = {Amsterdam, The Netherlands},
   Doi = {10.1145/2964284.2973795}
}

@inproceedings{mounir2016guitar,
  title={Guitar note onset detection based on a spectral sparsity measure},
  author={Mounir, Mina and Karsmakers, Peter and van Waterschoot, Toon},
  booktitle={24th European Signal Processing Conference (EUSIPCO)},
  pages={978--982},
  year={2016},
  organization={IEEE}
}


@inproceedings{abdallah2003unsupervised,
  title={Unsupervised onset detection: a probabilistic approach using ICA and a hidden Markov classifier},
  author={Abdallah, Samer and Plumbley, Mark},
  booktitle={Cambridge Music Processing Colloquium},
  year={2003}
}

@inproceedings{bello2003phase,
  title={Phase-based note onset detection for music signals},
  author={Bello, Juan Pablo and Sandler, Mark},
  booktitle={International Conference on Acoustics, Speech, and Signal Processing (ICASSP)},
  volume={5},
  pages={V--441},
  year={2003},
  organization={IEEE}
}


@inproceedings{raffel2014mir_eval,
  title={mir\_eval: A transparent implementation of common MIR metrics},
  author={Raffel, Colin and McFee, Brian and Humphrey, Eric J and Salamon, Justin and Nieto, Oriol and Liang, Dawen and Ellis, Daniel PW and Raffel, C Colin},
  booktitle={Proceedings of the 15th International Society for Music Information Retrieval Conference (ISMIR)},
  year={2014},
}

@article{eremenko2020performance,
  title={Performance assessment technologies for the support of musical instrument learning},
  author={Eremenko, Vsevolod and Morsi, Alia and Narang, Jyoti and
  Serra, Xavier},
  journal={Paper presented at: CSEDU 2020 The 12th International Conference on Computer Supported Education; 2020 May 2-4.},
}

@inproceedings{schluter2014improved,
  title={Improved musical onset detection with convolutional neural networks},
  author={Schl{\"u}ter, Jan and B{\"o}ck, Sebastian},
  booktitle={International Conference on Acoustics, Speech and Signal Processing (ICASSP)},
  pages={6979--6983},
  year={2014},
  organization={IEEE}
}

@article{mirex,
  title={The music information retrieval evaluation exchange (2005--2007): A window into music information retrieval research},
  author={Downie, J Stephen},
  journal={Acoustical Science and Technology},
  volume={29},
  number={4},
  pages={247--255},
  year={2008},
  publisher={Acoustical Society of Japan}
}

@inproceedings{bock2013maximum,
  title={Maximum filter vibrato suppression for onset detection},
  author={B{\"o}ck, Sebastian and Widmer, Gerhard},
  booktitle={Proceedings of the 16th International Conference on Digital Audio Effects (DAFx)},
  volume={7},
  year={2013}
}

@inproceedings{eyben2010universal,
  title={Universal onset detection with bidirectional long-short term memory neural networks},
  author={Eyben, Florian and B{\"o}ck, Sebastian and Schuller, Bj{\"o}rn and Graves, Alex},
  booktitle={Proceedings of 11th International Society for Music Information Retrieval Conference (ISMIR)},
  pages={589--594},
  year={2010}
}

@article{lacoste2006supervised,
  title={A supervised classification algorithm for note onset detection},
  author={Lacoste, Alexandre and Eck, Douglas},
  journal={EURASIP Journal on Advances in Signal Processing},
  volume={2007},
  pages={1--13},
  year={2006},
  publisher={Springer}
}

@inproceedings{marolt2002neural,
  title={Neural networks for note onset detection in piano music},
  author={Marolt, Matija and Kavcic, Alenka and Privosnik, Marko},
  booktitle={Proceedings of the 2002 International Computer Music Conference},
  year={2002}
}

@article{bello2004use,
  title={On the use of phase and energy for musical onset detection in the complex domain},
  author={Bello, Juan Pablo and Duxbury, Chris and Davies, Mike and Sandler, Mark},
  journal={IEEE Signal Processing Letters},
  volume={11},
  number={6},
  pages={553--556},
  year={2004},
  publisher={IEEE}
}

@article{de2002yin,
  title={YIN, a fundamental frequency estimator for speech and music},
  author={De Cheveign{\'e}, Alain and Kawahara, Hideki},
  journal={The Journal of the Acoustical Society of America},
  volume={111},
  number={4},
  pages={1917--1930},
  year={2002},
  publisher={Acoustical Society of America}
}

@inproceedings{spectralflux,
  title={Multifeature audio segmentation for browsing and annotation},
  author={Tzanetakis, George and Cook, Perry},
  booktitle={Proceedings of the 1999 IEEE Workshop on Applications of Signal Processing to Audio and Acoustics},
  pages={103--106},
  year={1999},
  organization={IEEE}
}

@inproceedings{collins2005using,
  title={Using a pitch detector for onset detection},
  author={Collins, Nick},
  booktitle={International Society for Music Information Retrieval Conference},
  pages={100--106},
  year={2005},
}

@article{holzapfel2009three,
  title={Three dimensions of pitched instrument onset detection},
  author={Holzapfel, Andr{\'e} and Stylianou, Yannis and Gedik, Ali C and Bozkurt, Bar{\i}{\c{s}}},
  journal={IEEE Transactions on Audio, Speech, and Language Processing},
  volume={18},
  number={6},
  pages={1517--1527},
  year={2009},
  publisher={IEEE}
}

@inproceedings{brossier2004fast,
  title={Fast labelling of notes in music signals.},
  author={Brossier, Paul and Bello, Juan Pablo and Plumbley, Mark D},
  booktitle={In Proceedings of 5th International Society for Music Information Retrieval Conference},
  year={2004}
}

@inproceedings{collins2005comparison,
  title={A comparison of sound onset detection algorithms with emphasis on psychoacoustically motivated detection functions},
  author={Collins, Nick},
  booktitle={Audio Engineering Society Convention 118},
  year={2005},
  organization={Audio Engineering Society}
}

@article{bello2005tutorial,
  title={A tutorial on onset detection in music signals},
  author={Bello, Juan Pablo and Daudet, Laurent and Abdallah, Samer and Duxbury, Chris and Davies, Mike and Sandler, Mark B},
  journal={IEEE Transactions on speech and audio processing},
  volume={13},
  number={5},
  pages={1035--1047},
  year={2005},
  publisher={IEEE}
}

@inproceedings{raphael2010music,
  title={Music Plus One and Machine Learning},
  author={Raphael, Christopher},
  booktitle={In 27th International Conference on Machine Learning},
  year={2010}
}

@inproceedings{dixon2006onset,
  title={Onset detection revisited},
  author={Dixon, Simon},
  booktitle={Proceedings of the 9th International Conference on Digital Audio Effects},
  volume={120},
  pages={133--137},
  year={2006},
}

@inproceedings{hainsworth2003onset,
  title={Onset detection in musical audio signals},
  author={Hainsworth, Stephen and Macleod, Malcolm},
  booktitle={International Computer Music Conference},
  year={2003}
}

@inproceedings{leveau2004,
  title={Methodology and tools for the evaluation of automatic onset detection algorithms in music},
  author={Leveau, Pierre and Daudet, Laurent},
  booktitle={Proc. Int. Symp. on Music Information Retrieval},
  year={2004},
}

@inproceedings{bozkurt2017dataset,
  title={A dataset and baseline system for singing voice assessment},
  author={Bozkurt, Baris and Baysal, Ozan and Y{\"u}ret, Deniz},
  booktitle={Proceedings of the International Symposium on Computer Music Multidisciplinary Research (CMMR)},
  pages={25--28},
  year={2017}
}

@inproceedings{falcaoMast,
  title={A Dataset of rhythmic pattern reproductions and baseline automatic assessment system},
  author={Falc{\~a}o, Felipe and Bozkurt, Baris and Serra, Xavier and Andrade, Nazareno and Baysal, Ozan},
  booktitle={Proceedings of the 20th Conference of the International Society for Music Information Retrieval (ISMIR)},
  year={2019},
}

@inproceedings{masri1996imroved,
  title={Improved modelling of attack transients in music analysis-resynthesis},
  author={Bateman, Andrew and Masri, Paul},
  booktitle={Proceedings of the 1996 International Computer Music Conference},
  pages={100--103},
  year={1996},
  organization={The International Computer Music Association}
}

@inproceedings{wu2018learned,
  title={Learned features for the assessment of percussive music performances},
  author={Wu, Chih-Wei and Lerch, Alexander},
  booktitle={2018 IEEE 12th International Conference on Semantic Computing (ICSC)},
  pages={93--99},
  year={2018},
  organization={IEEE}
}


@inproceedings{abesser2013automatic,
  title={Automatic quality assessment of vocal and instrumental performances of ninth-grade and tenth-grade pupils},
  author={Abe{\ss}er, Jakob and Hasselhorn, Johannes and Dittmar, Christian and Lehmann, Andreas and Grollmisch, Sascha},
  booktitle={Proceedings of the International Symposium on Computer Music Multidisciplinary Research (CMMR)},
  pages={975--988},
  year={2013}
}

@inproceedings{abesser2014automatic,
  title={Automatic Competency Assessment of Rhythm Performances of Ninth-grade and Tenth-grade Pupils},
  author={Abe{\ss}er, Jakob and Hasselhorn, Johannes and Grollmisch, Sascha and Dittmar, Christian and Lehmann, Andreas},
  booktitle={International Computer Music Conference (ICMC)},
  year={2014}
}

@mastersthesis{percival2008thesis,
  title={Computer-assisted musical instrument tutoring with targeted exercises},
  author={Percival, Graham Keith},
  school={University of Victoria},
  year={2008},
}

@inproceedings{dittmar2012,
    title={Music information retrieval meets music education},
    author={Dittmar, Christian and Cano, Estefan{\'\i}a and Abe{\ss}er, Jakob and Grollmisch, Sascha},
    booktitle = {Multimodal Music Processing, volume 3 of Dagstuhl Follow-Ups},
    year = {2012},
    pages = {95--120},
    publisher = {Dagstuhl Publishing}
}

@inproceedings{percival2007effective,
  title={Effective use of multimedia for computer-assisted musical instrument tutoring},
  author={Percival, Graham and Wang, Ye and Tzanetakis, George},
  booktitle={Proceedings of the international workshop on Educational multimedia and multimedia education},
  pages={67--76},
  year={2007}
}

@inproceedings{lerch2019mpa,
  author       = {Alexander Lerch and
                  Claire Arthur and
                  Ashis Pati and
                  Siddharth Gururani},
  title        = {Music Performance Analysis: A Survey},
  booktitle    = {{Proceedings of the 20th International Society for 
                   Music Information Retrieval Conference}},
  year         = 2019,
  pages        = {33-43},
  publisher    = {ISMIR},

}

@article{wesolowski2016examining,
  title={Examining rater precision in music performance assessment: An analysis of rating scale structure using the multifaceted Rasch partial credit model},
  author={Wesolowski, Brian C and Wind, Stefanie A and Engelhard Jr, George},
  journal={Music Perception: An Interdisciplinary Journal},
  volume={33},
  number={5},
  pages={662--678},
  year={2016},
  publisher={University of California Press}
}

@inproceedings{robine2006evaluation,
  title={Evaluation of the Technical Leval of Saxophone Performers by Considering the Evolution of Spectral Parameters of the Sound.},
  author={Robine, Matthias and Lagrange, Mathieu},
  booktitle={ISMIR},
  pages={79--84},
  year={2006}
}

@inproceedings{luo2015detection,
  title={Detection of Common Mistakes in Novice Violin Playing.},
  author={Luo, Yin-Jyun and Su, Li and Yang, Yi-Hsuan and Chi, Tai-Shih and others},
  booktitle={ISMIR},
  pages={316--322},
  year={2015}
}

@article{pati2018assessment,
  title={Assessment of student music performances using deep neural networks},
  author={Pati, Kumar Ashis and Gururani, Siddharth and Lerch, Alexander},
  journal={Applied Sciences},
  volume={8},
  number={4},
  pages={507},
  year={2018},
  publisher={Multidisciplinary Digital Publishing Institute}
}

@inproceedings{vidwansobj,
  title={Objective descriptors for the assessment of student music performances},
  author={Vidwans, Amruta and Gururani, Siddharth and Wu, Chih-Wei and Subramanian, Vinod and Swaminathan, Rupak Vignesh and Lerch, Alexander},
  booktitle={Audio Engineering Society Conference: 2017 AES International Conference on Semantic Audio},
  year={2017},
  organization={Audio Engineering Society}
}

@inproceedings{wu2016towards,
  title={Towards the objective assessment of music performances},
  author={Wu, Chih-Wei and Gururani, Siddharth and Laguna, Christopher and Pati, Ashis and Vidwans, Amruta and Lerch, Alexander},
  booktitle={Proc. of the International Conference on Music Perception and Cognition (ICMPC)},
  pages={99--103},
  year={2016}
}

@inproceedings{knight2011potential,
  title={The potential for automatic assessment of trumpet tone quality.},
  author={Knight, Trevor and Upham, Finn and Fujinaga, Ichiro},
  booktitle={ISMIR},
  pages={573--578},
  year={2011}
}

@inproceedings{romani2015real,
  title={A real-time system for measuring sound goodness in instrumental sounds},
  author={Romani Picas, Oriol and Parra Rodriguez, Hector and Dabiri, Dara and Tokuda, Hiroshi and Hariya, Wataru and Oishi, Koji and Serra, Xavier},
  booktitle={Audio Engineering Society Convention 138},
  year={2015},
  organization={Audio Engineering Society}
}

@inproceedings{nakano,
author = {Nakano, Tomoyasu and Goto, Masataka and Hiraga, Yuzuru},
year = {2006},
month = {01},
pages = {},
title = {An automatic singing skill evaluation method for unknown melodies using pitch interval accuracy and vibrato features},
volume = {4},
journal = {INTERSPEECH 2006 and 9th International Conference on Spoken Language Processing, INTERSPEECH 2006 - ICSLP}
}
